
@article{storn_differential_1997,
	title = {Differential {Evolution} – {A} {Simple} and {Efficient} {Heuristic} for global {Optimization} over {Continuous} {Spaces}},
	volume = {11},
	issn = {1573-2916},
	url = {https://doi.org/10.1023/A:1008202821328},
	doi = {10.1023/A:1008202821328},
	abstract = {A new heuristic approach for minimizing possiblynonlinear and non-differentiable continuous spacefunctions is presented. By means of an extensivetestbed it is demonstrated that the new methodconverges faster and with more certainty than manyother acclaimed global optimization methods. The newmethod requires few control variables, is robust, easyto use, and lends itself very well to parallelcomputation.},
	language = {en},
	number = {4},
	urldate = {2019-04-05},
	journal = {Journal of Global Optimization},
	author = {Storn, Rainer and Price, Kenneth},
	month = dec,
	year = {1997},
	pages = {341--359},
	file = {Storn und Price - 1997 - Differential Evolution – A Simple and Efficient He.pdf:C\:\\Users\\Admin\\OneDrive\\FH Mechatronik\\Literaturquellen\\storage\\P7XLVZJN\\Storn und Price - 1997 - Differential Evolution – A Simple and Efficient He.pdf:application/pdf}
}

@article{deb_fast_2002,
	title = {A fast and elitist multiobjective genetic algorithm: {NSGA}-{II}},
	volume = {6},
	issn = {1089778X},
	shorttitle = {A fast and elitist multiobjective genetic algorithm},
	url = {http://ieeexplore.ieee.org/document/996017/},
	doi = {10.1109/4235.996017},
	language = {en},
	number = {2},
	urldate = {2019-11-13},
	journal = {IEEE Transactions on Evolutionary Computation},
	author = {Deb, K. and Pratap, A. and Agarwal, S. and Meyarivan, T.},
	month = apr,
	year = {2002},
	pages = {182--197},
	file = {Deb et al. - 2002 - A fast and elitist multiobjective genetic algorith.pdf:C\:\\Users\\Admin\\OneDrive\\FH Mechatronik\\Literaturquellen\\storage\\6WTD4ZQB\\Deb et al. - 2002 - A fast and elitist multiobjective genetic algorith.pdf:application/pdf}
}

@article{hestenes_methods_1952,
	title = {Methods of {Conjugate} {Gradients} for {Solving} {Linear} {Systems}},
	language = {en},
	author = {Hestenes, Magnus R and Stiefel, Eduard},
	month = dez,
	year = {1952},
	pages = {28},
	file = {Hestenes und Stiefel - Methods of Conjugate Gradients for Solving Linear .pdf:C\:\\Users\\Admin\\OneDrive\\FH Mechatronik\\Literaturquellen\\storage\\JGPK7X2L\\Hestenes und Stiefel - Methods of Conjugate Gradients for Solving Linear .pdf:application/pdf}
}